<?xml version="1.0" encoding="UTF-8"?><collection xmlns="http://www.loc.gov/MARC21/slim"><record><leader>00456nam--2200169-i-4500</leader><controlfield tag="001">000005748</controlfield><controlfield tag="002">20161230</controlfield><controlfield tag="005">20161230201026</controlfield><controlfield tag="008">060222s1000------------r-----000-0-eng-d</controlfield><datafield ind1=" " ind2=" " tag="040"><subfield code="a">IFIN-HH</subfield></datafield><datafield ind1=" " ind2=" " tag="080"><subfield code="a">535.82</subfield></datafield><datafield ind1="1" ind2=" " tag="100"><subfield code="a">Clark, George L</subfield></datafield><datafield ind1="1" ind2="0" tag="245"><subfield code="a">The encyclopedia of microscopy</subfield><subfield code="c">George L. Clark (Ed.)</subfield></datafield><datafield ind1=" " ind2=" " tag="260"><subfield code="a">New York</subfield><subfield code="b">Reinhold Publishing Corporation</subfield><subfield code="c">1961</subfield></datafield><datafield ind1=" " ind2=" " tag="300"><subfield code="a">XIII + 693 P</subfield></datafield><datafield ind1=" " ind2=" " tag="852"><subfield code="a">17028</subfield><subfield code="c">535</subfield></datafield><datafield ind1=" " ind2=" " tag="CAT"><subfield code="a">Sys</subfield><subfield code="c">20101021</subfield><subfield code="h">153013</subfield></datafield></record></collection>